<?xml version="1.0" encoding="UTF-8"?><collection xmlns="http://www.loc.gov/MARC21/slim"><record><leader>00384nam--2200133-i-4500</leader><controlfield tag="001">000000259</controlfield><controlfield tag="002">20161230</controlfield><controlfield tag="005">20161230201023</controlfield><controlfield tag="008">060222s1000------------r-----000-0-eng-d</controlfield><datafield ind1=" " ind2=" " tag="080"><subfield code="a">621.382:539.23:621.315.592</subfield></datafield><datafield ind1=" " ind2=" " tag="100"><subfield code="a">Fritzsche, Christian</subfield></datafield><datafield ind1=" " ind2=" " tag="245"><subfield code="a">Herstellung von hableitern.2-te uberarbeitete und erganzte auflage</subfield></datafield><datafield ind1=" " ind2=" " tag="260"><subfield code="a">Berlin, Veb Verlag Technik.  134 P</subfield></datafield><datafield ind1=" " ind2=" " tag="852"><subfield code="a">9041</subfield></datafield></record></collection>